@article{casselman08,
author = "Bill Casselman",
title = "From {B}\'ezier to {B}ernstein",
journal = "AMS Feature Column",
year = "2008",
month = "November",
note = "\url{http://www.ams.org/publicoutreach/feature-column/fcarc-bezier}"
}
@article{bertrand15,
author = "Mike Bertrand",
title = "Bernstein {P}roves the {W}eierstrass {A}pproximation {T}heorem",
journal = "Ex Libris",
year = "2015",
month = "March",
note = "\url{http://nonagon.org/ExLibris/bernstein-proves-weierstrass}"
}
@article{farouki2012bernstein,
  title={The Bernstein polynomial basis: A centennial retrospective},
  author={Farouki, Rida T},
  journal={Computer Aided Geometric Design},
  volume={29},
  number={6},
  pages={379--419},
  year={2012},
  publisher={Elsevier Science Publishers BV}
}       
@article{pinkus2000weierstrass,
  title={Weierstrass and approximation theory},
  author={Pinkus, Allan},
  journal={Journal of Approximation Theory},
  volume={107},
  number={1},
  pages={1--66},
  year={2000},
  publisher={Elsevier}
}
@misc{o'connor_robertson_2010, title={Sergei Natanovich Bernstein}, url={http://www-history.mcs.st-andrews.ac.uk/Biographies/Bernstein_Sergi.html}, journal={Sergei Bernstein (1880-1968)}, publisher={School of Mathematics and Statistics University of St Andrews, Scotland }, author={O'Connor, J J and Robertson, E F}, year={2010}, month={May}} 
@article{TUTA2016,
author = {"N. Huchhet"},
title = {"Polynomials and Taylorâ€™s Approximations "},
year = {"2016"},
month = {"August"},
pages={"218--220"},
note = "\url{https://www.nepjol.info/index.php/JIE/article/download/16905/13736}"
}
@article{gt2014,
author = "Grant Timmerman",
title = "Approximating Continuous
Functions and Curves using Bernstein
Polynomials ",
year = "2014",
month = "June",
pages={5--10},
note = "\url{https://sites.math.washington.edu/~morrow/336_14/papers/grant.pdf}"
}
@article{rvk,
author = "Richard V. Kadison",
title = "Bernstein Polynomials and Approximation",
pages={12},
note = "\url{https://www.math.upenn.edu/~kadison/bernstein.pdf}"
}
@article{,
author = "Grant Timmerman",
title = "Approximating Continuous
Functions and Curves using Bernstein
Polynomials ",
year = "2014",
month = "June",
pages={5--10},
note = "\url{https://sites.math.washington.edu/~morrow/336_14/papers/grant.pdf}"
}